%% This BibTeX bibliography file was created using BibDesk.
%% http://bibdesk.sourceforge.net/

@phdthesis{mixed,
	Author = {Lu, Xiang},
	Optaddress = {Los Angeles, California},
	School = {University of California, Los Angeles},
	Title = {Handling incomplete high-dimesional multivariate longitudinal data with mixed data types by multiple imputation using a longitudinal factor analysis model},
	Year = {2016}}

@phdthesis{health,
	Author = {Welch, Catherine},
	Optaddress = {London, United Kingdom},
	Optmonth = {Marzo},
	School = {University of London},
	Title = {Implementation, evaluation and application of multiple imputation for missing data in longitudinal electronic healt record research},
	Year = {2015}}

@article{dengue,
	Author = {R\'ua, Guillermo and Su\'arez-Acosta, Carolina and Chauca, Jos\'e and Ventosilla, Palmira and Almanza, Rita},
	Journal = {Biom\'edica},
	Optnumber = {1},
	Optpages = {142-152},
	Optvolume = {33},
	Title = {Modelado del efecto de la variabilidad clim\'atica local sobre la transmisi\'on de dengue en Medell\'in (Colombia) mediante an\'alisis de series temporales},
	Year = {2013}}


@article{latreia,
	Author = {Le\'on, Alba and Jaimes, Fabi\'an},
	Journal = {Latreia},
	Optmonth = {Julio-Septiembre},
	Optnumber = {3},
	Optpages = {332-340},
	Optvolume = {28},
	Title = {Ronda cl\'inica y epidemiol\'ogica. An\'alisis de datos longitudinales},
	Year = {2015}}

@article{tuberculosis,
	Author = {Mu\~noz, M. Pilar and Orcau, Angels and Cayl\`{a}, Joan},
	Journal = {Revista Espa\~nola de Salud P\'ublica},
	Optmonth = {Septiembre-Octubre},
	Optnumber = {5},
	Optpages = {751-757},
	Optvolume = {83},
	Title = {Tuberculosis en Barcelona: M\'odelo predictivo basado en series temporales},
	Year = {2009}}

@phdthesis{hiv,
	Author = {Tran, Linh Mai},
	Optaddress = {California},
	School = {University of California, Berkeley},
	Title = {Comparative causal effect estimation and robust variance for longitudinal data structures with applications to observational HIV treatment},
	Year = {2016}}

@phdthesis{ramduth,
	Author = {Ramduth, D.},
	School = {Nelson Mandela school od Medicine, University of KwaZulu-Natal},
	Title = {Characterization od CD4+ and CD8+ T cell responses in HIV-1 C-clade infection},
	Year = {2011}}

@techreport{narrative,
	Author = {Republica Bolivariana de Venezuela},
	Institution = {Programa Nacional SIDA/ITS del Ministerio del Poder popular para la Salud},
	Optmonth = {Marzo},
	Title = {Informe nacional de avances e la implementaci\'on de la declaraci\'on de compromisos sobre VIH/SIDA (2001) y la declaraci\'on pol\'itica sobre el VIH/SIDA (2011)},
	Year = {2014}}

@article{alerta,
	Author = {Oleta, Jos\'e Felix and Godoy, Oswaldo and Carvajal, Ana},
	Journal = {Red de sociedades cient\'ificas m\'edicas venezolanas},
	Optmonth = {Agosto},
	Title = {Alerta epidemiol\'ogica N-241, algunos aspectos epidemil\'ogicos del VIH/SIDA en Venezuela},
	Year = {2012}}

@manual{bcs,
	Author = {Cuevas, D. and Rebolledo, R.},
	Date-Modified = {2016-11-30 19:17:30 -0430},
	Optauthor = {Cuevas, D. and Rebolledo, R.},
	Optkey = {*},
	Optorganization = {Observatorio de violencia social y de g\'enero de Baja California Sur},
	Optyear = {2009},
	Title = {Diagn\'ostico sobre VIH/SIDA en Baja California Sur},
	Year = {2009}}

@phdthesis{zhang,
	Author = {Zhang, Bo},
	School = {University of Minnesota},
	Title = {Linear mixed models},
	Year = {2009}}

@manual{mpps,
	Author = {MPPS},
	Date-Modified = {2016-11-30 19:05:41 -0430},
	Optaddress = {Caracas, Venezuela},
	Optauthor = {Ministerio del Poder Popular para la salud},
	Optedition = {Quinta Edici\'on},
	Optmonth = {Marzo},
	Optorganization = {Programa Nacional de S\'indrome de inmunodeficiendia adquirida e infecciones de transmisi\'on sexual (PNSIDA/ITS)},
	Optyear = {2014},
	Title = {Gu\'ia de tratamiento antiretroviral de las personas que viven con el VIH/SIDA en Venezuela},
	Year = {2014}}

@book{arias,
	Altauthor = {Arias, F.},
	Alteditor = {Editorial Episteme},
	Author = {Arias, F.},
	Date-Modified = {2016-11-30 19:21:41 -0430},
	Optaddress = {Caracas, Venezuela},
	Optedition = {Sexta Edici\'on},
	Publisher = {Episteme},
	Title = {El proyecto de investigaci\'on. Introducci\'on a la metodolog\'ia cient\'ifica},
	Year = {2012}}

@book{barranco,
	Altauthor = {Barranco, J.},
	Author = {Barranco, J.},
	Date-Modified = {2016-11-30 19:16:40 -0430},
	Optaddress = {Madrid, Espa{\~n}a},
	Optedition = {Segunda Edici\'on},
	Publisher = {Universidad Pontificia Comillas},
	Title = {Metodolog\'ia del an\'alisis estructurado de sistemas},
	Year = {2001}}

@book{belle,
	Altauthor = {Belle, G. and Fisher, Ll. and Heagerty, P. and Lumley, T.},
	Author = {Belle, G. and Fisher, Ll. and Heagerty, P. and Lumley, T.},
	Date-Modified = {2016-11-30 19:21:29 -0430},
	Optaddress = {Usa},
	Optedition = {Segunda edici\'on},
	Publisher = {USA},
	Title = {Biostatistics. A methodology for the health sciences},
	Year = {2004}}

@article{delgado,
	Author = {Delgado, M. and Llorca, J.},
	Journal = {Revista Espa{\~n}ola de salud P\'ublica},
	Optmonth = {Marzo-Abril},
	Optnumber = {2},
	Optpages = {141-148},
	Optvolume = {78},
	Title = {Estudios longitudinales: concepto y particularidades},
	Year = {2004}}
	
@techreport{spiral,
	Author = {Boehm, Barry},
	Title = {A Spiral Model of Software Development and
Enhancement},
	Institution = {TRW Defense Systems Group},
	Year = {1988}}
		
@techreport{oms,
	Author = {OMS},
	Institution = {Organizacion Mundial de la Salud},
	Optaddress = {Washington, D.C. Usa},
	Title = {Definici\'on de la OMS de caso de infecci\'on por el VIH a efectos de vigilancia y revisi\'on de la estadificaci\'on cl\'inica y de la clasificaci\'on inmunol\'ogica de la enfermedad relacionada con el VIH en adultos y ni{\~n}os},
	Year = {2009}}

@book{pallela,
	Altauthor = {Pallela, S. and Martins, F.},
	Alteditor = {Fondo Editorial de la Universidad Experimental Libertador},
	Author = {Pallela, S. and Martins, F.},
	Date-Modified = {2016-11-30 19:18:40 -0430},
	Optaddress = {Caracas, Venezuela},
	Publisher = {Fondo Editorial de la Universidad Experimental Libertador},
	Title = {Metodolog\'ia de la investigaci\'on cuantitativa},
	Year = {2012}}

@book{morles,
	Altauthor = {Morles, V.},
	Alteditor = {El Dorado},
	Author = {Morles, V.},
	Date-Modified = {2016-11-30 19:21:41 -0430},
	Optaddress = {Caracas, Venezuela},
	Optedition = {Ocatva Edici\'on},
	Publisher = {El Dorado},
	Title = {Planeamiento y analisis de investigaciones},
	Year = {1994}}
	
@book{hurtado,
	Altauthor = {Hurtado, J.},
	Alteditor = {Fundaci\'on SYPAL},
	Author = {Hurtado, J.},
	Date-Modified = {2016-11-30 19:21:41 -0430},
	Optaddress = {Caracas, Venezuela},
	Optedition = {Tercera Edici\'on},
	Publisher = {Fundaci\'on SYPAL},
	Title = {Metodlog\'ia de la investigaci\'on hol\'istica},
	Year = {2000}}
	
@book{newell,
	Altauthor = {Newell A., G.},
	Alteditor = {First ACM conference on universal usability},
	Author = {Newell A., G.},
	Date-Modified = {2016-11-30 19:21:41 -0430},
	Optaddress = {USA},
	Optedition = {Primera Edici\'on},
	Publisher = {First ACM conference on universal usability},
	Title = {User sensitive inclusive design: in search of a new paradigm},
	Year = {2000}}	
	
@book{morville,
	Altauthor = {Morville P., R.},
	Alteditor = {O'Reilly Media},
	Author = {Morville P., R.},
	Date-Modified = {2016-11-30 19:21:41 -0430},
	Optaddress = {USA},
	Optedition = {Primera Edici\'on},
	Publisher = {O'Reilly Media},
	Title = {Information architecture for the world wide web: Designing large-scale web sites},
	Year = {1998}}	

@book{norman,
	Altauthor = {Norman, D.},
	Alteditor = {Hillsdale, Nj: Lawrence Erlbaum Associates},
	Author = {Norman, D.},
	Date-Modified = {2016-11-30 19:21:41 -0430},
	Optaddress = {USA},
	Optedition = {Primera Edici\'on},
	Publisher = {Hillsdale, Nj: Lawrence Erlbaum Associates},
	Title = {User centered system design: New perspectives on human-computer interaction},
	Year = {1986}}	

@book{grun,
	Altauthor = {Grunsky, E.},
	Alteditor = {Computers Geosciences},
	Author = {Grunsky, E.},
	Date-Modified = {2016-11-30 19:21:41 -0430},
	Optaddress = {USA},
	Optedition = {Primera Edici\'on},
	Publisher = {Computers Geosciences},
	Title = {R: a data analysis and statistical programming environment -- an emerging tool for the geosciences},
	Year = {2002}}	
		
@TechReport{life,
	author = {Sharrow, D.},
	title = {HIV calibrated model life tables for countries with generalized HIV epidemics},
	institution = {CRAN},
	year = {2013},
	OPTkey = {HIV},
	OPTtype = {HIV},
	OPTnumber = {0.1},
	OPTaddress = {CRAN},
	OPTmonth = {12},
	OPTnote = {HIV},
	OPTannote = {HIV}
	}
		
@TechReport{jm,
	author = {Rizopoulos, D.},
	title = {Join modeling of longitudinal and survival data},
	institution = {CRAN},
	year = {2018},
	OPTkey = {JM},
	OPTtype = {JM},
	OPTnumber = {1.4-8},
	OPTaddress = {CRAN},
	OPTmonth = {04},
	OPTnote = {JM},
	OPTannote = {JM}
	}

@TechReport{runit,
	author = {Konig, T. and Klaus, J. and Burger, M.},
	title = {RUnit - A unit test framework for R},
	institution = {CRAN},
	year = {2018},
	OPTkey = {RUnit},
	OPTtype = {RUnit},
	OPTnumber = {1.4},
	OPTaddress = {CRAN},
	OPTmonth = {05},
	OPTnote = {RUnit},
	OPTannote = {RUnit}
	}		

@TechReport{test,
	author = {Wickham, H.},
	title = {Unit testing for R},
	institution = {CRAN},
	year = {2017},
	OPTkey = {test},
	OPTtype = {test},
	OPTnumber = {2.0},
	OPTaddress = {CRAN},
	OPTmonth = {12},
	OPTnote = {testthat},
	OPTannote = {testthat}
	}
@TechReport{format,
	author = {Xie, Y.},
	title = {Format R code automatically},
	institution = {CRAN},
	year = {2017},
	OPTkey = {formatR},
	OPTtype = {formatR},
	OPTnumber = {2.0},
	OPTaddress = {CRAN},
	OPTmonth = {04},
	OPTnote = {formatR},
	OPTannote = {formatR}
	}	
		